<?xml version="1.0" encoding="UTF-8"?><collection xmlns="http://www.loc.gov/MARC21/slim"><record><leader>00452nam--2200121-i-4500</leader><controlfield tag="001">000007187</controlfield><controlfield tag="002">20161230</controlfield><controlfield tag="005">20161230201027</controlfield><controlfield tag="008">060222s1000------------r-----000-0-eng-d</controlfield><datafield ind1=" " ind2=" " tag="245"><subfield code="a">Application of isotope techniques in hydrology a comprehensive report from the panel on appli cation of isotope techniques in hydrology, hel d in vienna, from 6-9 november 1961</subfield></datafield><datafield ind1=" " ind2=" " tag="260"><subfield code="a">Vienna, International Atomic Energy Agency, 1962 31 P</subfield></datafield><datafield ind1=" " ind2=" " tag="490"><subfield code="a">11</subfield></datafield><datafield ind1=" " ind2=" " tag="852"><subfield code="a">1875</subfield></datafield></record></collection>